@thesis{rami,
	author = {Rami Aly},
	title = {Hierarchical writing genre classification
	with neural networks},
	type = {bachelor},
	institution = {University of Hamburg},
	date = {2018-10-18}
}

@article{korde,
	author = {Vandana Korde and C Namrata Mahender},
	title = {TEXT CLASSIFICATION AND CLASSIFIERS: A SURVEY},
	journaltitle = {International Journal of Artificial Intelligence \& Applications (IJAIA)},
	date = {2012-03-01},
	OPTvolume = {3},
	OPTnumber = {2}
}

@article{worsham,
	author = {Joseph Worsham and Jugal Kalita},
	title = {Genre Identification and the Compositional Effect of Genre in Literature},
	journaltitle = {Proceedings of the 27th International Conference on Computational Linguistics},
	date = {2018-08-20},
	OPTissue = {issue},
	OPTmonth = {month},
	OPTpages = {1963â€“1973},
	OPTversion = {version}
}
